@misc{python,
  author = {{Python Core Team}},
  title = {{Python: A dynamic, open source programming language. Python Software Foundation}},
  url = {https://www.python.org/},
  year = {2015}, 
}


@misc{flask,
    title = {{Flask}},
    author = {Armin Ronacher},
    url = {http://flask.pocoo.org/},
    year = {2010},
}

@misc{jinja,
    title = {{jinja2}},
    author = {Armin Ronacher},
    url = {http://jinja.pocoo.org/},
    year = {2007},
}

@misc{pgsql,
    author  = {{PostgreSQL Global Development Group}},
    title   = {{PostgreSQL}},
    url = {http://www.postgresql.org},
    year    = {2008},
}

@misc{sqlalchemy,
    author  = {{SQLAlchemy authors and contributors}},
    title   = {SQLAlchemy: The Python SQL \\Toolkit and Object Relational Mapper},
    url = {https://www.sqlalchemy.org/},
    year    = {2005},
}

@misc{gitian,
    author  = {{Miron Cuperman}},
    title   = {{Gitian: a secure software distribution}},
    url = {https://gitian.org/},
    year    = {2009},
}

@misc{debain,
    title = {{Debian}},
    url = {https://www.debian.org/},
    year    = {1993},
}

@misc{in-toto,
    author  = {{Santiago Torres}},
    title   = {{in-toto: A framework to secure the integrity of the software supply chain}},
    url = {https://in-toto.github.io/},
    year    = {2016},
}

@misc{git,
    author  = {{Linus Torvalds}},
    title   = {{Git - fast, scalable, distributed revision control system}},
    url = {https://github.com/git/git},
    year    = {2005},
}

@misc{curl,
    author  = {{Daniel Stenberg}},
    title   = {{Command line tool and library for transferring data with URLs}},
    url = {https://curl.haxx.se/},
    year    = {1996},
}

@misc{uhiaas,
    author  = {{UH-IaaS}},
    title   = {{A NORWEGIAN CLOUD INFRASTRUCTURE FOR RESEARCH AND EDUCATION}},
    url = {http://www.uh-iaas.no/},
    year    = {2018},
}

@misc{debian-ci,
    author  = {{Holger Levsen and many others}},
    title   = {{Overview of various statistics about reproducible builds}},
    url = {https://tests.reproducible-builds.org/debian/reproducible.html},
    year    = {2014},
}

@misc{deb-buildinfo,
    author  = {{Debian}},
    title   = {{deb-buildinfo - Debian build information file format}},
    url = { https://manpages.debian.org/stretch/dpkg-dev/deb-buildinfo.5.en.html },
    year    = {2018},
}

@article{reproducible-builds-sharing,
  author = { Reproducible Builds },
  title = { Sharing certifications },
  url = { https://reproducible-builds.org/docs/sharing-certifications/ },
  year = { 2019 },
}


@article{buildinfo-debian,
  author = {Chris Lamb},
  title = {buildinfo.debian.net - A proof-of-concept .buildinfo server},
  url = {https://buildinfo.debian.net/},
  year = { 2015 },
}


@article{matplotlib, 
author={J. D. {Hunter}}, 
journal={Computing in Science Engineering}, 
title={Matplotlib: A 2D Graphics Environment}, 
year={2007}, 
volume={9}, 
number={3}, 
pages={90-95}, 
keywords={computer graphics;mathematics computing;object-oriented programming;software packages;Matplotlib;2D graphics package;Python;application development;interactive scripting;publication-quality image generation;user interface;operating system;Graphics;Interpolation;Equations;Graphical user interfaces;Packaging;Image generation;User interfaces;Operating systems;Computer languages;Programming profession;Python;scripting languages;application development;scientific programming}, 
doi={10.1109/MCSE.2007.55}, 
ISSN={1521-9615}, 
month={May},}

@inproceedings{tor,
 author = {Dingledine, Roger and Mathewson, Nick and Syverson, Paul},
 title = {Tor: The Second-generation Onion Router},
 booktitle = {Proceedings of the 13th Conference on USENIX Security Symposium - Volume 13},
 series = {SSYM'04},
 year = {2004},
 location = {San Diego, CA},
 pages = {21--21},
 numpages = {1},
 url = {http://dl.acm.org/citation.cfm?id=1251375.1251396},
 acmid = {1251396},
 publisher = {USENIX Association},
 address = {Berkeley, CA, USA},
} 


@inproceedings{intoto-unpublished,
 author = {Santiago Torress},
 title = {in-toto: Providing fram-to-table guarantees for bits and bytes},
 booktitle = {Proceedings of the 28th Conference on USENIX Security Symposium},
 year = {2019},
 location = {Santa Clara, CA},
 publisher = {USENIX Association},
 address = {Berkeley, CA, USA},
} 

@misc{tor-browser,
    author  = {{The Tor Project}},
    title   = {{The Tor Browser}},
    url = {https://www.torproject.org/download/},
    year    = {2002},
}


@misc{pymerkeltools,
    author  = {{Foteinos Mergoupis}},
    title   = {{pymerkle}},
    url = {https://github.com/FoteinosMerg/pymerkle},
    year    = {2018},
}

@misc{securesystemslib,
    author = {{New York University - Secure Systems Lab}},
    title = {{Cryptographic and general-purpose routines for Secure Systems Lab projects at NYU}},
    year = {2016},
    url = {https://github.com/secure-systems-lab/securesystemslib},
}

@misc{debian-repro-2013,
    author = {Lunar},
    title={{Byte-for-byte identical reproducible builds? - BoF at DebConf13}},
    year={2013},
    url={https://wiki.debian.org/ReproducibleBuilds/History?action=AttachFile&do=view&target=dc13-bof-reproducible-builds.txt}
}

@misc{linuxfoundation-linux,
    author={The Linux Foundation},
    title={Linux Kernel Development: How Fast it is Going, Who is Doing It, What They are Doing, and Who is Sponsoring It},
    year={2015},
    url={https://www.linux.com/publications/linux-kernel-development-how-fast-it-going-who-doing-it-what-they-are-doing-and-who},
}

@misc{debian-history,
    author = {Debian},
    title={A Brief History of Debian. Chapter 4 - A Detailed History},
    year={2017},
    url={https://www.debian.org/doc/manuals/project-history/ch-detailed.en.html},
}

@article{repro-who,
    author = {Reproducible Builds},
    title={Who is involved?},
    year={2019},
    url={https://reproducible-builds.org/who/},
}

@article{repro-paris,
    author = {Reproducible Builds},
    title={Paris 2018},
    year={2018},
    url={https://reproducible-builds.org/events/paris2018/},
}


@article{Hevner:2004:DSI:2017212.2017217,
 author = {Hevner, Alan R. and March, Salvatore T. and Park, Jinsoo and Ram, Sudha},
 title = {Design Science in Information Systems Research},
 journal = {MIS Q.},
 issue_date = {March 2004},
 volume = {28},
 number = {1},
 month = mar,
 year = {2004},
 issn = {0276-7783},
 pages = {75--105},
 numpages = {31},
 url = {http://dl.acm.org/citation.cfm?id=2017212.2017217},
 acmid = {2017217},
 publisher = {Society for Information Management and The Management Information Systems Research Center},
 address = {Minneapolis, MN, USA},
 keywords = {business environment, creativity, design artifact, design science, experimental methods, information systems research methodologies, search strategies, technology infrastructure},
} 


@book{Dresch:2014:DSR:2671159,
 author = {Dresch, Aline and Lacerda, Daniel Pacheco and Antunes, Jos Antnio Valle},
 title = {Design Science Research: A Method for Science and Technology Advancement},
 year = {2014},
 isbn = {3319073737, 9783319073736},
 publisher = {Springer Publishing Company, Incorporated},
} 


@book{Vaishnavi:2015:DSR:2807332,
 author = {Vaishnavi, Vijay K. and Kuechler, William},
 title = {Design Science Research Methods and Patterns: \newline Innovating Information and Communication Technology, 2Nd Edition},
 year = {2015},
 isbn = {1498715257, 9781498715256},
 edition = {2nd},
 publisher = {CRC Press, Inc.},
 address = {Boca Raton, FL, USA},
} 

@misc{rfc4270,
	series =	{Request for Comments},
	number =	4270,
	howpublished =	{RFC 4270},
	publisher =	{RFC Editor},
	doi =		{10.17487/RFC4270},
	url =		{https://rfc-editor.org/rfc/rfc4270.txt},
        author =	{Paul E. Hoffman and Bruce Schneier},
	title =		{{Attacks on Cryptographic Hashes in Internet Protocols}},
	pagetotal =	12,
	year =		2005,
	month =		dec,
	abstract =	{Recent announcements of better-than-expected collision attacks in popular hash algorithms have caused some people to question whether common Internet protocols need to be changed, and if so, how. This document summarizes the use of hashes in many protocols, discusses how the collision attacks affect and do not affect the protocols, shows how to thwart known attacks on digital certificates, and discusses future directions for protocol designers. This memo provides information for the Internet community.},
}

@inproceedings {182788,
title = {Efficient Data Structures for Tamper-Evident Logging},
booktitle = {Presented as part of the 18th {USENIX} Security Symposium ({USENIX} Security 09)},
author={Scott A. Crosby and Dan S. Wallach},
year = {2009},
address = {Montreal, Canada},
url = {https://www.usenix.org/node/},
publisher = {{USENIX}},
}

@article{docker,
 author = {Merkel, Dirk},
 title = {Docker: Lightweight Linux Containers for Consistent Development and Deployment},
 journal = {Linux J.},
 issue_date = {March 2014},
 volume = {2014},
 number = {239},
 month = mar,
 year = {2014},
 issn = {1075-3583},
 articleno = {2},
 url = {http://dl.acm.org/citation.cfm?id=2600239.2600241},
 acmid = {2600241},
 publisher = {Belltown Media},
 address = {Houston, TX},
} 

@inproceedings{Wheeler:2005:CTT:1106778.1106809,
 author = {Wheeler, David},
 title = {Countering Trusting Trust Through Diverse Double-Compiling},
 booktitle = {Proceedings of the 21st Annual Computer Security Applications Conference},
 series = {ACSAC '05},
 year = {2005},
 isbn = {0-7695-2461-3},
 pages = {33--48},
 numpages = {16},
 url = {https://doi.org/10.1109/CSAC.2005.17},
 doi = {10.1109/CSAC.2005.17},
 acmid = {1106809},
 publisher = {IEEE Computer Society},
 address = {Washington, DC, USA},
} 

@inproceedings{cd-pipelines-case-study,
author = {Paule, Christina and Düllmann, Thomas and van Hoorn, André},
year = {2019},
month = {03},
pages = {},
title = {Vulnerabilities in Continuous Delivery Pipelines? A Case Study},
booktitle = {Proceedings of the 2019 IEEE International Conference on Software Architecture (ICSA 2019)},
doi = {10.1109/ICSA-C.2019.00026}
}


@book{ pandas,
  author    = { Wes McKinney },
  title     = { Data Structures for Statistical Computing in Python },
  booktitle = { Proceedings of the 9th Python in Science Conference },
  pages     = { 51 - 56 },
  year      = { 2010 },
  editor    = { St\'efan van der Walt and Jarrod Millman }
}


%%%% Kilder på supply chain angrep

@article{shadowhammer,
 author  = {GReAT, AMR},
 date    = {2019-04-23},
 title   = {Operation ShadowHammer: a high-profile supply chain attack},
 journal = {Securelist},
 url     = {https://securelist.com/operation-shadowhammer-a-high-profile-supply-chain-attack/90380/},
 urldate = {2019-05-15}
}


@article{symantec-istr-2018,
 author  = {Symantec Corporation},
 date    = {2018-04-01},
 title   = {Internet threat security report, 2018},
 journal = {Symantec Corporation},
 url     = {https://www.symantec.com/content/dam/symantec/docs/reports/istr-23-2018-en.pdf},
 urldate = {2019-05-15}
}

@article{symantec-istr-2019,
 author  = {Symantec Corporation},
 date    = {2019-02-01},
 title   = {Internet threat security report, 2019},
 journal = {Symantec Corporation},
 url     = {https://www.symantec.com/content/dam/symantec/docs/reports/istr-24-2019-en.pdf},
 urldate = {2019-05-15}
}

@article{juniper-backdoor-advisory,
 author  = {Juniper},
 date    = {2015-12-17},
 title   = {2015-12 Out of Cycle Security Bulletin: ScreenOS: Multiple Security issues with ScreenOS (CVE-2015-7755, CVE-2015-7756)},
 journal = {Juniper},
 url     = {https://kb.juniper.net/InfoCenter/index?page=content&id=JSA10713},
 urldate = {2019-05-15}
}


@article{crowdstrike-supply-chain-attacks,
 author  = {CrowdStrike},
 date    = {2018-07-01},
 title   = {Securing the supply chain},
 journal = {CrowdStrike},
 url     = {https://www.crowdstrike.com/resources/wp-content/brochures/pr/CrowdStrike-Security-Supply-Chain.pdf},
 urldate = {2019-05-15}
}

% Distro attacks

@misc{fedora-compromise-2008,
    author  = {{Paul W. Frields}},
    title   = {{Infrastructure report, 2008-08-22 UTC 1200}},
    url = {https://www.redhat.com/archives/fedora-announce-list/2008-August/msg00012.html},
    year    = {2008},
}

@misc{fedora-compromise-2011,
    author  = {{Jared K. Smith}},
    title   = {{Security incident on Fedora infrastructure on 23 Jan 2011}},
    url = {https://lists.fedoraproject.org/pipermail/announce/2011-January/002911.html},
    year    = {2011},
}



@misc{gentoo-compromise-2018,
    author  = {{Gentoo Linux}},
    title   = {{Project:Infrastructure/Incident Reports/2018-06-28 Github}},
    url = {https://wiki.gentoo.org/wiki/Project:Infrastructure/Incident_Reports/2018-06-28_Github},
    year    = {2018},
}
@misc{gentoo-compromise-2003,
    author  = {{Gentoo Linux}},
    title   = {{[gentoo-announce] GLSA: rsync.gentoo.org rotation server compromised (200312-01)}},
    url = {https://archives.gentoo.org/gentoo-announce/message/7b0581416ddd91522c14513cb789f17a},
    year    = {2003},
}

@misc{linux-compromise-2011,
    author  = {{The Linux Foundation}},
    title   = {{The Cracking of Kernel.org}},
    url = {https://www.linuxfoundation.org/blog/2011/08/the-cracking-of-kernel-org/},
    day = {31},
    month = {08},
    year    = {2011},
}

@inproceedings{Checkoway:2016:SAJ:2976749.2978395,
 author = {Checkoway, Stephen and Maskiewicz, Jacob and Garman, Christina and Fried, Joshua and Cohney, Shaanan and Green, Matthew and Heninger, Nadia and Weinmann, Ralf-Philipp and Rescorla, Eric and Shacham, Hovav},
 title = {A Systematic Analysis of the Juniper Dual EC Incident},
 booktitle = {Proceedings of the 2016 ACM SIGSAC Conference on Computer and Communications Security},
 series = {CCS '16},
 year = {2016},
 isbn = {978-1-4503-4139-4},
 location = {Vienna, Austria},
 pages = {468--479},
 numpages = {12},
 url = {http://doi.acm.org/10.1145/2976749.2978395},
 doi = {10.1145/2976749.2978395},
 acmid = {2978395},
 publisher = {ACM},
 address = {New York, NY, USA},
 keywords = {VPN, dual EC DRBG, juniper, pseudorandom number generator},
} 


@inproceedings{Cappos:2008:LMA:1455770.1455841,
 author = {Cappos, Justin and Samuel, Justin and Baker, Scott and Hartman, John H.},
 title = {A Look in the Mirror: Attacks on Package Managers},
 booktitle = {Proceedings of the 15th ACM Conference on Computer and Communications Security},
 series = {CCS '08},
 year = {2008},
 isbn = {978-1-59593-810-7},
 location = {Alexandria, Virginia, USA},
 pages = {565--574},
 numpages = {10},
 url = {http://doi.acm.org/10.1145/1455770.1455841},
 doi = {10.1145/1455770.1455841},
 acmid = {1455841},
 publisher = {ACM},
 address = {New York, NY, USA},
 keywords = {mirrors, package management, replay attack},
} 

@inproceedings{software-reconstruction-1999,
  author = { R. Torres Cabrera and Bonnie Lee Appleton },
  title = { Software Reconstruction: Patterns for Reproducing Software Builds },
  booktitle = {Proceedings of the 6th Pattern Languages of Programs},
  series = {PLoP'99},
  year = { 1999 },
}

@article{Thompson:1984:RTT:358198.358210,
 author = {Thompson, Ken},
 title = {Reflections on Trusting Trust},
 journal = {Commun. ACM},
 issue_date = {Aug 1984},
 volume = {27},
 number = {8},
 month = aug,
 year = {1984},
 issn = {0001-0782},
 pages = {761--763},
 numpages = {3},
 url = {http://doi.acm.org/10.1145/358198.358210},
 doi = {10.1145/358198.358210},
 acmid = {358210},
 publisher = {ACM},
 address = {New York, NY, USA},
} 


@inproceedings{Peffers:2012:DSR:2342209.2342243,
 author = {Peffers, Ken and Rothenberger, Marcus and Tuunanen, Tuure and Vaezi, Reza},
 title = {Design Science Research Evaluation},
 booktitle = {Proceedings of the 7th International Conference on Design Science Research in Information Systems: Advances in Theory and Practice},
 series = {DESRIST'12},
 year = {2012},
 isbn = {978-3-642-29862-2},
 location = {Las Vegas, NV},
 pages = {398--410},
 numpages = {13},
 url = {http://dx.doi.org/10.1007/978-3-642-29863-9_29},
 doi = {10.1007/978-3-642-29863-9_29},
 acmid = {2342243},
 publisher = {Springer-Verlag},
 address = {Berlin, Heidelberg},
 keywords = {artifacts, design science, evaluation},
} 

@inproceedings{Iyer:2012:EAC:2342209.2342213,
 author = {Iyer, Bala and Wyner, George},
 title = {Evaluating APIs: A Call for Design Science Research},
 booktitle = {Proceedings of the 7th International Conference on Design Science Research in Information Systems: Advances in Theory and Practice},
 series = {DESRIST'12},
 year = {2012},
 isbn = {978-3-642-29862-2},
 location = {Las Vegas, NV},
 pages = {28--35},
 numpages = {8},
 url = {http://dx.doi.org/10.1007/978-3-642-29863-9_3},
 doi = {10.1007/978-3-642-29863-9_3},
 acmid = {2342213},
 publisher = {Springer-Verlag},
 address = {Berlin, Heidelberg},
 keywords = {API, kernel theory, modularity, stakeholders, strategy},
} 
@inproceedings{Ellson01graphviz,
    author = {John Ellson and Emden Gansner and Lefteris Koutsofios and Stephen North and Gordon Woodhull and Short Description and Lucent Technologies},
    title = {Graphviz — open source graph drawing tools},
    booktitle = {Lecture Notes in Computer Science},
    year = {2001},
    pages = {483--484},
    publisher = {Springer-Verlag}
}
