%% This BibTeX bibliography file was created using BibDesk.
%% http://bibdesk.sourceforge.net/


%% Created for Marvin Rausand at 2014-08-12 10:34:20 +0200 


%% Saved with string encoding Unicode (UTF-8) 



@book{rausand14,
	Address = {Hoboken, NJ},
	Author = {Rausand, Marvin},
	Date-Added = {2014-08-12 08:32:25 +0000},
	Date-Modified = {2014-08-12 08:33:48 +0000},
	Publisher = {Wiley},
	Title = {Reiability of Safety-Critical Systems: Theory and Applications},
	Year = {2014}}

@article{lundteigen08,
	Author = {Lundteigen, Mary Ann and Rausand, Marvin},
	Date-Added = {2011-06-16 13:34:45 +0200},
	Date-Modified = {2011-06-16 13:34:45 +0200},
	Journal = {Reliability Engineering and System Safety},
	Pages = {1208--1217},
	Title = {Spurious activation of safety instrumented systems in the oil and gas industry: Basic concepts and formulas},
	Volume = {93},
	Year = {2008}}

@book{rausand04,
	Address = {Hoboken, NJ},
	Author = {Rausand, Marvin and H{\o}yland, Arnljot},
	Date-Added = {2011-06-16 11:53:55 +0200},
	Date-Modified = {2011-06-16 11:55:09 +0200},
	Edition = {2nd},
	Publisher = {Wiley},
	Title = {System Reliability Theory: Models, Statistical Methods, and Applications},
	Year = {2004}}


@article{comparative-silence,
	Author = {Felicity Ruby and Gerard Goggin and John Keane},
	Publisher = {Digital Journalism},
	Title = {COMPARATIVE SILENCE STILL? Journalism, academia, and the Five Eyes
          of Edward Snowden},
	Year = {2017}}

@article{metadata,
	Author = {Benedetta Brevini},
	Publisher = {Media and Communication, Volume 5},
	Title = {Metadata laws, Journalism and Resistance in Australia},
	Year = {2017}}

@article{security-journalists,
	Author = {{Susan E. McGregor, Columbia Journalism School; Polina Charters,
           Tobin Holliday and Franziska Roesner University of Washington}},
	Publisher = {24th USENIX Security Symposium},
	Title = {Investigating the Computer Security Practices and Needs of
          Journalists},
	Year = {2015}}

@conference{mcgregor2015,
    Author = {Susan E. McGregor and Polina Charters and Tobin Holliday and Franziska Roesner},
    Publisher = {24th USENIX Security Symposium},
    Journal = {24th USENIX Security Symposium},
    booktitle = {24th USENIX Security Symposium},
    Title = {Investigating the Computer Security Practices and Needs of Journalists},
    Year = "2015"}

@conference{mcgregor2016,
    Author = {Susan E. McGregor and Kelly Kane and Franziska Roesner},
    Publisher = {Proceedings on Privacy Enhancing Technologies},
    Journal = {Proceedings on Privacy Enhancing Technologies},
    Title = {Induvidual versus Organizational Computer Security and Privacy
             Concerns in Journalism},
    Year = 2016}

@article{ruby2017,
    Author = {Felicity Ruby and Gerard Goggin and John Keane},
    Journal = {Digital Journalism},
    Volume = 5,
    Number = 3,
    Title = {Comparative Silence Still? Journalism, academia, and the Five Eyes of Edward Snowden},
    Year = 2017}

@article{humphreys2017,
    Author = {Sal Humphreys and Melissa de Zwart},
    Journal = {Media International Australia},
    Volume = 165,
    Number = 1,
    Title = {Data retention, journalist freedom and whistleblowers},
    Year = 2017}


@article{lashmar2017,
    Author = {Paul Lashmar},
    Journal = {Journalism Practises},
    Volume = 11,
    Number = 6,
    Title = {No more sources? The impact of Snowdens revelations on journalists
             and their confidential sources},
    Year = 2017}


@book{cij2016,
    Author = {Silkie Carlo and Arjen Kamphuis},
    Title = {Information security for Journalists},
    Publisher = {Center for Investigative Journalism},
    Year = 2016}

@book{dresch2014,
 author = {Dresch, Aline and Lacerda, Daniel Pacheco and Antunes, Jos Antnio Valle},
 title = {Design Science Research: A Method for Science and Technology Advancement},
 year = {2014},
 isbn = {3319073737, 9783319073736},
 publisher = {Springer Publishing Company, Incorporated},
} 

@book{oates2005,
    author = {Oates, Briony J},
    title = {Researching Information Systems and Computing},
    year = {2006},
    isbn = {1412902231},
    publisher = {Sage Publications Ltd.},
} 

@misc{cvssv3,
      author = {FIRST},
      title = {Common Vulnerability Scoring System v3.0: Specification Document},
      year = {2015},
      url = {https://www.first.org/cvss/specification-document},
}

@misc{cryptoparty,
      author = {Cryptoparty},
      title = {Cryptoparty},
      year = {2018},
      url = {https://www.cryptoparty.in/},
}

@misc{haven2017,
      author = {Jon Russell},
      title = {Edward Snowden's new app turns any Android phone into a surveillance system},
      year = {2017},
      url = {https://techcrunch.com/2017/12/24/edward-snowden-haven-app/?guccounter=1},
}

@misc{intelme2017,
      author = {Trend Micro Cyber Safety Solutions Team},
      title = {Mitigating CVE-2017-5689 an Intel Management Engine Vulnerability},
      year = {2017},
      url = {https://blog.trendmicro.com/trendlabs-security-intelligence/mitigating-cve-2017-5689-intel-management-engine-vulnerability/},
}

@misc{purism,
      author = {Purism},
      title = {Security-focused laptops for everyone},
      year = {2018},
      url = {https://puri.sm/},
}

@misc{green2017,
      author = {Matthew Green},
      title = {Secure Computing for Journalists},
      year = {2017},
      url = {https://blog.cryptographyengineering.com/2017/03/05/secure-computing-for-journalists/},
}


@misc{eff2017,
      author = "Electronic Frontier Foundation",
      title = {Assessing Your Risks},
      year = {2017},
      url = {https://ssd.eff.org/en/module/assessing-your-risks},
}

@misc{source2014,
      author = "Jonathan Stray",
      title = {Security for Journalists, Part Two: THreat Modeling},
      year = {2014},
      url = {https://source.opennews.org/articles/security-journalists-part-two-threat-modeling/},
}

@misc{guardian2014,
      author = "Luke Harding",
      title = {Footage released of Guardian editors destroying Snowden hard
               drives},
      year = {2014},
      url = {https://www.theguardian.com/uk-news/2014/jan/31/footage-released-guardian-editors-snowden-hard-drives-gchq},
}
